@manual{PST3manual,
	title		= "{Power System Toolbox Version 3.0 User Manual}",
	author		= "{Joe Chow, Graham Rogers}",
	%organization	= "",
	%address	= "",
	%edition	= "",
	year		= "2008",
	%month		= "",
	%note		= "",
}

% Commented items included as templates for new resources (if need be)

%@book{kundur1994,
%	author        = {Prabha Kundur},
%	title         = {Power System Stability and Control},
%	year          = {1994},
%	publisher     = {McGraw-Hill}
%}

%@report{heredia2013,
%	author = {Eric Heredia and Dimitry Kosterev and Matt Donnelly},
%    title     = "Wind Hub Reactive Resource Coordination and Voltage Control Study by Sequence Power Flow",
%    institution = "IEEE",
%    %type     = "", 
%    %number   = "",
%    %address  = "",
%    year      = "2013",
%    %month    = "",
%    %note     = "",
%}

%@online{rand2018,
%        title = { Agent-Based Modeling: What is Agent-Based Modeling?},
%        date = {2018},
%        organization = {Youtube},
%        author = {Bill Rand},
%        url = {https://www.youtube.com/watch?v=FVmQbfsOkGc},
%}

%@MastersThesis{haines2020,
%	author = {Thad Haines},
%	title = {LONG-TERM DYNAMIC SIMULATION OF POWER SYSTEMS USING PYTHON, AGENT BASED MODELING, AND TIME-SEQUENCED POWER FLOWS},
%	school = {Montana Technological University},
%	year = {2020},
}

}